<record xmlns="http://www.loc.gov/MARC21/slim" xmlns:xsi="http://www.w3.org/2001/XMLSchema-instance" xsi:schemaLocation="http://www.loc.gov/MARC21/slim http://www.loc.gov/standards/marcxml/schema/MARC21slim.xsd"><leader>     nam a22        4500</leader><controlfield tag="001">3058914</controlfield><controlfield tag="003">NNC</controlfield><controlfield tag="006">m        d        </controlfield><controlfield tag="007">cr cn |||m|||a</controlfield><controlfield tag="008">150316s1955    xx a    o     000 0 araod</controlfield><datafield ind1=" " ind2=" " tag="040"><subfield code="a">NNU</subfield><subfield code="b">eng</subfield><subfield code="e">rda</subfield><subfield code="c">NNU</subfield></datafield><datafield ind1=" " ind2="4" tag="050"><subfield code="a">PJ7803.I72</subfield><subfield code="b">T2 1955</subfield></datafield><datafield ind1="1" ind2=" " tag="100"><subfield code="6">880-01</subfield><subfield code="a">Isfara&#772;yini&#772;, Abu&#772; al-Muz&#803;affar T&#803;a&#772;hir ibn Muh&#803;ammad,</subfield><subfield code="d">-1078 or 1079.</subfield></datafield><datafield ind1="1" ind2="3" tag="245"><subfield code="6">880-02</subfield><subfield code="a">al-Tabs&#803;i&#772;r fi&#772; al-di&#772;n wa-tamyi&#772;z al-firqah al-na&#772;jiyah &#699;an al-firaq al-ha&#772;liki&#772;n /</subfield><subfield code="c">lil-Ima&#772;m Abi&#772; al-Muz&#803;affar al-Isfara&#772;yini&#772; ; &#699;arrafa al-kita&#772;b wa-tarjama lil-mu&#700;allif wa-kharraja ah&#803;a&#772;di&#772;thihi wa-&#699;allaqa h&#803;awa&#772;shi&#772;h Muh&#803;ammad Za&#772;hid ibn al-H&#803;asan al-Kawthari&#772;. Wa-yali&#772;hi Kashf asra&#772;r al-Ba&#772;t&#803;ini&#772;yah wa-akhbr&#772; al-Qara&#772;mit&#803;ah.</subfield></datafield><datafield ind1=" " ind2=" " tag="260"><subfield code="c">1955.</subfield></datafield><datafield ind1=" " ind2=" " tag="300"><subfield code="a">online resource (245 pages) :</subfield><subfield code="b">illustrations.</subfield></datafield><datafield ind1=" " ind2=" " tag="336"><subfield code="a">text</subfield><subfield code="2">rdacontent</subfield></datafield><datafield ind1=" " ind2=" " tag="337"><subfield code="a">computer</subfield><subfield code="2">rdamedia</subfield></datafield><datafield ind1=" " ind2=" " tag="338"><subfield code="a">online resource</subfield><subfield code="2">rdacarrier</subfield></datafield><datafield ind1="1" ind2=" " tag="490"><subfield code="a">Firaq al-Isla&#772;mi&#772;yah ;</subfield><subfield code="v">1</subfield></datafield><datafield ind1=" " ind2=" " tag="500"><subfield code="a">Part of the Arabic Collections Online (ACO) project, contributed by Columbia University Libraries.</subfield></datafield><datafield ind1=" " ind2=" " tag="533"><subfield code="a">Electronic reproduction.</subfield><subfield code="b">New York, N.Y. :</subfield><subfield code="c">New York University,</subfield><subfield code="d">2015.</subfield><subfield code="5">NNU</subfield></datafield><datafield ind1=" " ind2="0" tag="650"><subfield code="a">Islamic sects</subfield><subfield code="v">Early works to 1800.</subfield></datafield><datafield ind1=" " ind2="0" tag="650"><subfield code="a">Batinites.</subfield></datafield><datafield ind1=" " ind2="7" tag="650"><subfield code="a">Batinites.</subfield><subfield code="2">fast</subfield><subfield code="0">(OCoLC)fst00828800</subfield></datafield><datafield ind1=" " ind2="7" tag="650"><subfield code="a">Islamic sects.</subfield><subfield code="2">fast</subfield><subfield code="0">(OCoLC)fst00980055</subfield></datafield><datafield ind1=" " ind2="7" tag="655"><subfield code="a">Early works.</subfield><subfield code="2">fast</subfield><subfield code="0">(OCoLC)fst01411636</subfield></datafield><datafield ind1="1" ind2=" " tag="700"><subfield code="a">H&#803;amma&#772;di&#772;, Muh&#803;ammad ibn Ma&#772;lik,</subfield><subfield code="d">-approximately 1077.</subfield></datafield><datafield ind1="1" ind2=" " tag="700"><subfield code="6">880-03</subfield><subfield code="a">Kawthari&#772;, Muh&#803;ammad Za&#772;hid ibn al-H&#803;asan.</subfield></datafield><datafield ind1="2" ind2=" " tag="710"><subfield code="a">Columbia University.</subfield><subfield code="b">Libraries.</subfield></datafield><datafield ind1="0" ind2=" " tag="730"><subfield code="a">Arabic Collections Online.</subfield></datafield><datafield ind1="0" ind2="8" tag="776"><subfield code="i">Print version:</subfield><subfield code="a">Isfara&#772;yini&#772;, Abu&#772; al-Muz&#803;affar T&#803;a&#772;hir ibn Muh&#803;ammad, -1078 or 1079.</subfield><subfield code="t">al-Tabs&#803;i&#772;r fi&#772; al-di&#772;n wa-tamyi&#772;z al-firqah al-na&#772;jiyah &#699;an al-firaq al-ha&#772;liki&#772;n</subfield><subfield code="w">(NNC)3058914</subfield><subfield code="w">(OCoLC)33447529</subfield></datafield><datafield ind1=" " ind2="0" tag="830"><subfield code="a">Firaq al-Isla&#772;mi&#772;yah ;</subfield><subfield code="v">1.</subfield></datafield><datafield ind1="4" ind2="0" tag="856"><subfield code="u">http://hdl.handle.net/2333.1/sqv9s70g</subfield></datafield><datafield ind1="1" ind2=" " tag="880"><subfield code="6">100-01/r</subfield><subfield code="a">&#1575;&#1587;&#1601;&#1585;&#1575;&#1610;&#1606;&#1610;&#1548; &#1571;&#1576;&#1608; &#1575;&#1604;&#1605;&#1592;&#1601;&#1585;.</subfield></datafield><datafield ind1="1" ind2="2" tag="880"><subfield code="6">245-02/r</subfield><subfield code="a">&#1575;&#1604;&#1578;&#1576;&#1589;&#1610;&#1585; &#1601;&#1610; &#1575;&#1604;&#1583;&#1610;&#1606; &#1608;&#1578;&#1605;&#1610;&#1610;&#1586; &#1575;&#1604;&#1601;&#1585;&#1602;&#1577; &#1575;&#1604;&#1606;&#1575;&#1580;&#1610;&#1577; &#1593;&#1606; &#1575;&#1604;&#1601;&#1585;&#1602; &#1575;&#1604;&#1607;&#1575;&#1604;&#1603;&#1610;&#1606; /</subfield><subfield code="c">&#1604;&#1571;&#1576;&#1610; &#1575;&#1604;&#1605;&#1592;&#1601;&#1585; &#1575;&#1604;&#1575;&#1587;&#1601;&#1585;&#1575;&#1610;&#1606;&#1610; &#1563; &#1593;&#1585;&#1601; &#1575;&#1604;&#1603;&#1578;&#1575;&#1576; &#1608;&#1578;&#1585;&#1580;&#1605; &#1604;&#1604;&#1605;&#1572;&#1604;&#1601; &#1608;&#1582;&#1585;&#1580; &#1571;&#1581;&#1575;&#1583;&#1610;&#1579;&#1607; &#1608;&#1593;&#1604;&#1602; &#1581;&#1608;&#1575;&#1588;&#1610;&#1607; &#1605;&#1581;&#1605;&#1583; &#1586;&#1575;&#1607;&#1583; &#1576;&#1606; &#1575;&#1604;&#1581;&#1587;&#1606; &#1575;&#1604;&#1603;&#1608;&#1579;&#1585;&#1610; &#1563; &#1578;&#1601;&#1590;&#1604; &#1605;&#1581;&#1605;&#1608;&#1583; &#1605;&#1581;&#1605;&#1583; &#1575;&#1604;&#1582;&#1590;&#1610;&#1585;&#1610; &#1576;&#1603;&#1604;&#1605;&#1577; &#1593;&#1606; &#1575;&#1604;&#1589;&#1604;&#1577; &#1576;&#1610;&#1606; &#1593;&#1604;&#1605; &#1575;&#1604;&#1601;&#1585;&#1602; &#1608;&#1594;&#1610;&#1585; &#1608;&#1605;&#1606; &#1575;&#1604;&#1593;&#1604;&#1608;&#1605;. &#1608;&#1610;&#1604;&#1610;&#1607; &#1603;&#1588;&#1601; &#1571;&#1587;&#1585;&#1575;&#1585; &#1575;&#1604;&#1576;&#1575;&#1591;&#1606;&#1610;&#1577; &#1608;&#1571;&#1582;&#1576;&#1575;&#1585; &#1575;&#1604;&#1602;&#1585;&#1575;&#1605;&#1591;&#1577; / &#1578;&#1571;&#1604;&#1610;&#1601; &#1605;&#1581;&#1605;&#1583; &#1576;&#1606; &#1605;&#1575;&#1604;&#1603; &#1576;&#1606; &#1571;&#1576;&#1610; &#1575;&#1604;&#1601;&#1590;&#1575;&#1574;&#1604; &#1575;&#1604;&#1581;&#1605;&#1575;&#1583;&#1610; &#1575;&#1604;&#1610;&#1605;&#1575;&#1606;&#1610;.</subfield></datafield><datafield ind1=" " ind2=" " tag="880"><subfield code="6">250-00/r</subfield><subfield code="a">[&#1575;&#1604;&#1591;&#1576;&#1593;&#1577; &#1634;].</subfield></datafield><datafield ind1=" " ind2=" " tag="880"><subfield code="6">260-00/r</subfield><subfield code="a">&#1605;&#1589;&#1585; :</subfield><subfield code="b">&#1605;&#1603;&#1578;&#1576;&#1577; &#1575;&#1604;&#1582;&#1575;&#1606;&#1580;&#1610;&#1548;</subfield><subfield code="c">&#1633;&#1641;&#1637;&#1637;.</subfield></datafield><datafield ind1="1" ind2=" " tag="880"><subfield code="6">490-00/r</subfield><subfield code="a">&#1601;&#1585;&#1602; &#1575;&#1604;&#1573;&#1587;&#1604;&#1575;&#1605;&#1610;&#1577; &#1563;</subfield><subfield code="v">&#1633;</subfield></datafield><datafield ind1="1" ind2=" " tag="880"><subfield code="6">700-03/r</subfield><subfield code="a">&#1603;&#1608;&#1579;&#1585;&#1610;&#1548; &#1605;&#1581;&#1605;&#1583; &#1586;&#1575;&#1607;&#1583; &#1576;&#1606; &#1575;&#1604;&#1581;&#1587;&#1606;.</subfield></datafield><datafield ind1=" " ind2="0" tag="880"><subfield code="6">830-00/r</subfield><subfield code="a">&#1601;&#1585;&#1602; &#1575;&#1604;&#1573;&#1587;&#1604;&#1575;&#1605;&#1610;&#1577; &#1563; ;</subfield><subfield code="v">&#1633;.</subfield></datafield><datafield ind1=" " ind2=" " tag="959"><subfield code="a">NNU</subfield><subfield code="b">WEB</subfield><subfield code="c">GENI</subfield><subfield code="t">0</subfield><subfield code="m">Electronic access</subfield><subfield code="s">01</subfield></datafield><datafield ind1=" " ind2=" " tag="999"><subfield code="i">NNC_3058914</subfield><subfield code="o">(OCoLC)ocm33447529 </subfield><subfield code="s">columbia_aco000238</subfield><subfield code="e">(ERROR-880)</subfield></datafield></record>